<?xml version="1.0" encoding="UTF-8"?><collection xmlns="http://www.loc.gov/MARC21/slim"><record><leader>00479nam--2200181-i-4500</leader><controlfield tag="001">000035957</controlfield><controlfield tag="002">20161230</controlfield><controlfield tag="005">20161230201040</controlfield><controlfield tag="008">060222s1000------------r-----000-0-rum-d</controlfield><datafield ind1=" " ind2=" " tag="040"><subfield code="a">IFIN-HH</subfield></datafield><datafield ind1=" " ind2=" " tag="041"><subfield code="a">rum</subfield></datafield><datafield ind1=" " ind2=" " tag="080"><subfield code="a">519.245:543.52</subfield></datafield><datafield ind1="1" ind2=" " tag="100"><subfield code="a">Oncescu, Mircea</subfield></datafield><datafield ind1="1" ind2="0" tag="245"><subfield code="a">Metoda monte carlo in radiometria industriala</subfield><subfield code="c">Mircea oncescu</subfield></datafield><datafield ind1=" " ind2=" " tag="260"><subfield code="a">Bucuresti</subfield><subfield code="b">Editura Academiei Rsr</subfield><subfield code="c">1984</subfield></datafield><datafield ind1=" " ind2=" " tag="300"><subfield code="a">252P</subfield></datafield><datafield ind1=" " ind2=" " tag="852"><subfield code="a">72155</subfield><subfield code="c">519.283</subfield></datafield><datafield ind1=" " ind2=" " tag="CAT"><subfield code="a">Sys</subfield><subfield code="c">20130808</subfield><subfield code="h">121054</subfield></datafield></record></collection>